% Use this file for citations not found in the ACL Anthology (contained in "anthology.bib").

@book{Aho:72,
    author  = {Alfred V. Aho and Jeffrey D. Ullman},
    title   = {The Theory of Parsing, Translation and Compiling},
    year    = "1972",
    volume  = "1",
    publisher = {Prentice-Hall},
    address = {Englewood Cliffs, NJ}
}

@book{APA:83,
    author  = {{American Psychological Association}},
    title   = {Publications Manual},
    year    = "1983",
    publisher = {American Psychological Association},
    address = {Washington, DC}
}

@article{Chandra:81,
	author = {Ashok K. Chandra and Dexter C. Kozen and Larry J. Stockmeyer},
	year = "1981",
	title = {Alternation},
	journal = {Journal of the Association for Computing Machinery},
	volume = "28",
	number = "1",
	pages = "114--133",
	doi = "10.1145/322234.322243",
}

@inproceedings{andrew2007scalable,
  title={Scalable training of {L1}-regularized log-linear models},
  author={Andrew, Galen and Gao, Jianfeng},
  booktitle={Proceedings of the 24th International Conference on Machine Learning},
  pages={33--40},
  year={2007},
}

@book{Gusfield:97,
    author  = {Dan Gusfield},
    title   = {Algorithms on Strings, Trees and Sequences},
    year    = "1997",
    publisher = {Cambridge University Press},
    address = {Cambridge, UK}
}

@article{rasooli-tetrault-2015,
    author    = {Mohammad Sadegh Rasooli and Joel R. Tetreault},
    title     = {Yara Parser: {A} Fast and Accurate Dependency Parser},
    journal   = {Computing Research Repository},
    volume    = {arXiv:1503.06733},
    year      = {2015},
    url       = {http://arxiv.org/abs/1503.06733},
    note    = {version 2}
}

@article{Ando2005,
	Acmid = {1194905},
	Author = {Ando, Rie Kubota and Zhang, Tong},
	Issn = {1532-4435},
	Issue_Date = {12/1/2005},
	Journal = {Journal of Machine Learning Research},
	Month = dec,
	Numpages = {37},
	Pages = {1817--1853},
	Publisher = {JMLR.org},
	Title = {A Framework for Learning Predictive Structures from Multiple Tasks and Unlabeled Data},
	Volume = {6},
	Year = {2005}
}

@misc{kimiteam2025kimik2openagentic,
      title={Kimi K2: Open Agentic Intelligence}, 
      author={Kimi Team and Yifan Bai and Yiping Bao and Guanduo Chen and Jiahao Chen and Ningxin Chen and Ruijue Chen and Yanru Chen and Yuankun Chen and Yutian Chen and Zhuofu Chen and Jialei Cui and Hao Ding and Mengnan Dong and Angang Du and Chenzhuang Du and Dikang Du and Yulun Du and Yu Fan and Yichen Feng and Kelin Fu and Bofei Gao and Hongcheng Gao and Peizhong Gao and Tong Gao and Xinran Gu and Longyu Guan and Haiqing Guo and Jianhang Guo and Hao Hu and Xiaoru Hao and Tianhong He and Weiran He and Wenyang He and Chao Hong and Yangyang Hu and Zhenxing Hu and Weixiao Huang and Zhiqi Huang and Zihao Huang and Tao Jiang and Zhejun Jiang and Xinyi Jin and Yongsheng Kang and Guokun Lai and Cheng Li and Fang Li and Haoyang Li and Ming Li and Wentao Li and Yanhao Li and Yiwei Li and Zhaowei Li and Zheming Li and Hongzhan Lin and Xiaohan Lin and Zongyu Lin and Chengyin Liu and Chenyu Liu and Hongzhang Liu and Jingyuan Liu and Junqi Liu and Liang Liu and Shaowei Liu and T. Y. Liu and Tianwei Liu and Weizhou Liu and Yangyang Liu and Yibo Liu and Yiping Liu and Yue Liu and Zhengying Liu and Enzhe Lu and Lijun Lu and Shengling Ma and Xinyu Ma and Yingwei Ma and Shaoguang Mao and Jie Mei and Xin Men and Yibo Miao and Siyuan Pan and Yebo Peng and Ruoyu Qin and Bowen Qu and Zeyu Shang and Lidong Shi and Shengyuan Shi and Feifan Song and Jianlin Su and Zhengyuan Su and Xinjie Sun and Flood Sung and Heyi Tang and Jiawen Tao and Qifeng Teng and Chensi Wang and Dinglu Wang and Feng Wang and Haiming Wang and Jianzhou Wang and Jiaxing Wang and Jinhong Wang and Shengjie Wang and Shuyi Wang and Yao Wang and Yejie Wang and Yiqin Wang and Yuxin Wang and Yuzhi Wang and Zhaoji Wang and Zhengtao Wang and Zhexu Wang and Chu Wei and Qianqian Wei and Wenhao Wu and Xingzhe Wu and Yuxin Wu and Chenjun Xiao and Xiaotong Xie and Weimin Xiong and Boyu Xu and Jing Xu and Jinjing Xu and L. H. Xu and Lin Xu and Suting Xu and Weixin Xu and Xinran Xu and Yangchuan Xu and Ziyao Xu and Junjie Yan and Yuzi Yan and Xiaofei Yang and Ying Yang and Zhen Yang and Zhilin Yang and Zonghan Yang and Haotian Yao and Xingcheng Yao and Wenjie Ye and Zhuorui Ye and Bohong Yin and Longhui Yu and Enming Yuan and Hongbang Yuan and Mengjie Yuan and Haobing Zhan and Dehao Zhang and Hao Zhang and Wanlu Zhang and Xiaobin Zhang and Yangkun Zhang and Yizhi Zhang and Yongting Zhang and Yu Zhang and Yutao Zhang and Yutong Zhang and Zheng Zhang and Haotian Zhao and Yikai Zhao and Huabin Zheng and Shaojie Zheng and Jianren Zhou and Xinyu Zhou and Zaida Zhou and Zhen Zhu and Weiyu Zhuang and Xinxing Zu},
      year={2025},
      eprint={2507.20534},
      archivePrefix={arXiv},
      primaryClass={cs.LG},
      url={https://arxiv.org/abs/2507.20534}, 
}

@misc{deepseekai2024deepseekv3technicalreport,
      title={DeepSeek-V3 Technical Report}, 
      author={DeepSeek-AI},
      year={2024},
      eprint={2412.19437},
      archivePrefix={arXiv},
      primaryClass={cs.CL},
      url={https://arxiv.org/abs/2412.19437}, 
}

@misc{5team2025glm45agenticreasoningcoding,
      title={GLM-4.5: Agentic, Reasoning, and Coding (ARC) Foundation Models}, 
      author={ 5 Team and Aohan Zeng and Xin Lv and Qinkai Zheng and Zhenyu Hou and Bin Chen and Chengxing Xie and Cunxiang Wang and Da Yin and Hao Zeng and Jiajie Zhang and Kedong Wang and Lucen Zhong and Mingdao Liu and Rui Lu and Shulin Cao and Xiaohan Zhang and Xuancheng Huang and Yao Wei and Yean Cheng and Yifan An and Yilin Niu and Yuanhao Wen and Yushi Bai and Zhengxiao Du and Zihan Wang and Zilin Zhu and Bohan Zhang and Bosi Wen and Bowen Wu and Bowen Xu and Can Huang and Casey Zhao and Changpeng Cai and Chao Yu and Chen Li and Chendi Ge and Chenghua Huang and Chenhui Zhang and Chenxi Xu and Chenzheng Zhu and Chuang Li and Congfeng Yin and Daoyan Lin and Dayong Yang and Dazhi Jiang and Ding Ai and Erle Zhu and Fei Wang and Gengzheng Pan and Guo Wang and Hailong Sun and Haitao Li and Haiyang Li and Haiyi Hu and Hanyu Zhang and Hao Peng and Hao Tai and Haoke Zhang and Haoran Wang and Haoyu Yang and He Liu and He Zhao and Hongwei Liu and Hongxi Yan and Huan Liu and Huilong Chen and Ji Li and Jiajing Zhao and Jiamin Ren and Jian Jiao and Jiani Zhao and Jianyang Yan and Jiaqi Wang and Jiayi Gui and Jiayue Zhao and Jie Liu and Jijie Li and Jing Li and Jing Lu and Jingsen Wang and Jingwei Yuan and Jingxuan Li and Jingzhao Du and Jinhua Du and Jinxin Liu and Junkai Zhi and Junli Gao and Ke Wang and Lekang Yang and Liang Xu and Lin Fan and Lindong Wu and Lintao Ding and Lu Wang and Man Zhang and Minghao Li and Minghuan Xu and Mingming Zhao and Mingshu Zhai and Pengfan Du and Qian Dong and Shangde Lei and Shangqing Tu and Shangtong Yang and Shaoyou Lu and Shijie Li and Shuang Li and Shuang-Li and Shuxun Yang and Sibo Yi and Tianshu Yu and Wei Tian and Weihan Wang and Wenbo Yu and Weng Lam Tam and Wenjie Liang and Wentao Liu and Xiao Wang and Xiaohan Jia and Xiaotao Gu and Xiaoying Ling and Xin Wang and Xing Fan and Xingru Pan and Xinyuan Zhang and Xinze Zhang and Xiuqing Fu and Xunkai Zhang and Yabo Xu and Yandong Wu and Yida Lu and Yidong Wang and Yilin Zhou and Yiming Pan and Ying Zhang and Yingli Wang and Yingru Li and Yinpei Su and Yipeng Geng and Yitong Zhu and Yongkun Yang and Yuhang Li and Yuhao Wu and Yujiang Li and Yunan Liu and Yunqing Wang and Yuntao Li and Yuxuan Zhang and Zezhen Liu and Zhen Yang and Zhengda Zhou and Zhongpei Qiao and Zhuoer Feng and Zhuorui Liu and Zichen Zhang and Zihan Wang and Zijun Yao and Zikang Wang and Ziqiang Liu and Ziwei Chai and Zixuan Li and Zuodong Zhao and Wenguang Chen and Jidong Zhai and Bin Xu and Minlie Huang and Hongning Wang and Juanzi Li and Yuxiao Dong and Jie Tang},
      year={2025},
      eprint={2508.06471},
      archivePrefix={arXiv},
      primaryClass={cs.CL},
      url={https://arxiv.org/abs/2508.06471}, 
}